<record><leader>00000cas a22000007a 4500</leader><controlfield tag="001">10990072</controlfield><controlfield tag="008">840726c19669999wiuwr ne      0   a0eng d</controlfield><datafield ind1=" " ind2=" " tag="010"><subfield code="a">sn 84006579 </subfield></datafield><datafield ind1=" " ind2=" " tag="040"><subfield code="a">NSD</subfield><subfield code="b">eng</subfield><subfield code="c">NSD</subfield><subfield code="d">NPV</subfield><subfield code="d">OCLCQ</subfield></datafield><datafield ind1=" " ind2=" " tag="012"><subfield code="l">1</subfield><subfield code="m">1</subfield></datafield><datafield ind1="1" ind2=" " tag="022"><subfield code="a">0748-6219</subfield><subfield code="l">0748-6219</subfield><subfield code="2">1</subfield></datafield><datafield ind1=" " ind2=" " tag="032"><subfield code="a">150140</subfield><subfield code="b">USPS</subfield></datafield><datafield ind1=" " ind2=" " tag="037"><subfield code="b">Journal Publishing Co., 126 South Broadway, De Pere, WI 54115</subfield></datafield><datafield ind1=" " ind2=" " tag="042"><subfield code="a">nsdp</subfield></datafield><datafield ind1=" " ind2=" " tag="045"><subfield code="a">x6--</subfield></datafield><datafield ind1=" " ind2=" " tag="052"><subfield code="a">4123</subfield><subfield code="b">B7</subfield></datafield><datafield ind1=" " ind2="0" tag="222"><subfield code="a">De Pere journal</subfield></datafield><datafield ind1="0" ind2="0" tag="245"><subfield code="a">De Pere journal.</subfield></datafield><datafield ind1=" " ind2=" " tag="260"><subfield code="a">De Pere, Wis. :</subfield><subfield code="b">Journal Pub. Co.,</subfield><subfield code="c">1966-</subfield></datafield><datafield ind1=" " ind2=" " tag="300"><subfield code="a">v. :</subfield><subfield code="b">ill.</subfield></datafield><datafield ind1=" " ind2=" " tag="310"><subfield code="a">Weekly</subfield></datafield><datafield ind1="0" ind2=" " tag="362"><subfield code="a">New vol. 48, no. 11 (June 16, 1966)-</subfield></datafield><datafield ind1=" " ind2=" " tag="500"><subfield code="a">Editors: P.J. Creviere, June 16, 1966-Jan. 18, 1979; M. Creviere, Jan. 25, 1979-</subfield></datafield><datafield ind1=" " ind2=" " tag="530"><subfield code="a">Available on microfilm from The State Historical Society of Wisconsin.</subfield></datafield><datafield ind1=" " ind2=" " tag="752"><subfield code="a">United States</subfield><subfield code="b">Wisconsin</subfield><subfield code="c">Brown</subfield><subfield code="d">De Pere.</subfield></datafield><datafield ind1="0" ind2="0" tag="780"><subfield code="t">De Pere journal-democrat</subfield><subfield code="w">(DLC)sn 86086106</subfield></datafield><datafield ind1="1" ind2=" " tag="029"><subfield code="a">AU@</subfield><subfield code="b">000025800933</subfield></datafield></record>